<?xml version="1.0" encoding="UTF-8"?>
<record xmlns="http://www.loc.gov/MARC21/slim">
   <leader>01166cam a2200277 a 4500</leader>
   <controlfield tag="001">1656432</controlfield>
   <controlfield tag="003">NjP</controlfield>
   <controlfield tag="005">20170228174452.0</controlfield>
   <controlfield tag="008">890926s1967    iq       b    000 0 arard</controlfield>
   <datafield tag="024" ind1="7" ind2=" ">
      <subfield code="a">princeton_aco003554</subfield>
      <subfield code="2">local</subfield>
   </datafield>
   <datafield ind1=" " ind2=" " tag="010">
      <subfield code="a">   75261007 /NE </subfield>
   </datafield>
   <datafield ind1=" " ind2=" " tag="035">
      <subfield code="a">(OCoLC)ocm23499036</subfield>
   </datafield>
   <datafield ind1=" " ind2=" " tag="035">
      <subfield code="9">CFG8148TS</subfield>
   </datafield>
   <datafield ind1=" " ind2=" " tag="040">
      <subfield code="a">EYM</subfield>
      <subfield code="c">EYM</subfield>
      <subfield code="d">OSU</subfield>
      <subfield code="d">PUL</subfield>
   </datafield>
   <datafield ind1=" " ind2="4" tag="050">
      <subfield code="a">BP 195</subfield>
      <subfield code="b">.S48 S53</subfield>
   </datafield>
   <datafield ind1=" " ind2=" " tag="050">
      <subfield code="a">BP195.S5</subfield>
      <subfield code="b">S5</subfield>
   </datafield>
   <datafield ind1="1" ind2=" " tag="100">
      <subfield code="a">Shaybī, Kāmil Muṣṭafá.</subfield>
   </datafield>
   <datafield ind1="1" ind2="3" tag="245">
      <subfield code="a">al-Ṭarīqah al-Ṣafawīyah wa-rawāsibuhā fī al-ʻIrāq al-muʻāṣir :</subfield>
      <subfield code="b">dirāsah mazjīyah li-uṣūl al-Shabak wa-al-niḥal al-Ṣūfīyah fī shamāl al-ʻIrāq /</subfield>
      <subfield code="c">taʾlīf Kāmil Muṣṭafá al-Shaybī.</subfield>
   </datafield>
   <datafield ind1="1" ind2="4" tag="246">
      <subfield code="a">Ṣafawid order and its remnants in contemporary Iraq</subfield>
      <subfield code="b">being a general study of al-Shabak and kindred sects in northern Iraq</subfield>
   </datafield>
   <datafield ind1=" " ind2=" " tag="250">
      <subfield code="a">al-Ṭabʻah 1.</subfield>
   </datafield>
   <datafield ind1=" " ind2=" " tag="260">
      <subfield code="a">Baghdād :</subfield>
      <subfield code="b">Maktabat al-Nahḍah,</subfield>
      <subfield code="c">1967.</subfield>
   </datafield>
   <datafield ind1=" " ind2=" " tag="300">
      <subfield code="a">100 p. ;</subfield>
      <subfield code="c">25 cm.</subfield>
   </datafield>
   <datafield ind1=" " ind2=" " tag="504">
      <subfield code="a">Bibliography: p. 65-73.</subfield>
   </datafield>
   <datafield ind1=" " ind2="0" tag="650">
      <subfield code="a">Shabak.</subfield>
      <subfield code="0">http://id.loc.gov/authorities/subjects/sh85120766</subfield>
   </datafield>
   <datafield ind1=" " ind2="0" tag="650">
      <subfield code="a">Islamic sects</subfield>
      <subfield code="z">Iraq.</subfield>
   </datafield>
   <datafield ind1=" " ind2=" " tag="947">
      <subfield code="a">CFG8148</subfield>
   </datafield>
   <datafield ind1=" " ind2=" " tag="911">
      <subfield code="a">20000130</subfield>
   </datafield>
   <datafield ind1="0" ind2="0" tag="852">
      <subfield code="0">1909814</subfield>
      <subfield code="b">rcppa</subfield>
      <subfield code="t">0</subfield>
      <subfield code="h">BP195.S5</subfield>
      <subfield code="i">S539 1967</subfield>
      <subfield code="x">tr fr nec</subfield>
   </datafield>
   <datafield ind1=" " ind2=" " tag="959">
      <subfield code="a">2000-06-13 00:00:00 -0400</subfield>
   </datafield>
</record>
